<?xml version="1.0" encoding="UTF-8"?><record xmlns="http://www.loc.gov/MARC21/slim" xmlns:cinclude="http://apache.org/cocoon/include/1.0" xmlns:zs="http://www.loc.gov/zing/srw/">
  <leader>00580nz  a2200181n  4500</leader>
  <controlfield tag="001">no2014104059</controlfield>
  <controlfield tag="003">DLC</controlfield>
  <controlfield tag="005">20140807073546.0</controlfield>
  <controlfield tag="008">140806n| azannaabn          |a aaa     c</controlfield>
  <datafield tag="010" ind1=" " ind2=" ">
    <subfield code="a">no2014104059</subfield>
  </datafield>
  <datafield tag="035" ind1=" " ind2=" ">
    <subfield code="a">(OCoLC)oca09927851</subfield>
  </datafield>
  <datafield tag="040" ind1=" " ind2=" ">
    <subfield code="a">ICrlF</subfield>
    <subfield code="b">eng</subfield>
    <subfield code="e">rda</subfield>
    <subfield code="c">ICrlF</subfield>
  </datafield>
  <datafield tag="046" ind1=" " ind2=" ">
    <subfield code="k">2005</subfield>
  </datafield>
  <datafield tag="100" ind1="1" ind2=" ">
    <subfield code="a">Rayó, Eusèbia,</subfield>
    <subfield code="d">1951-</subfield>
    <subfield code="t">Cant de la lluna.</subfield>
    <subfield code="l">Spanish</subfield>
  </datafield>
  <datafield tag="377" ind1=" " ind2=" ">
    <subfield code="a">spa</subfield>
  </datafield>
  <datafield tag="381" ind1=" " ind2=" ">
    <subfield code="a">Rayó</subfield>
  </datafield>
  <datafield tag="400" ind1="1" ind2=" ">
    <subfield code="a">Rayó, Eusèbia,</subfield>
    <subfield code="d">1951-</subfield>
    <subfield code="t">Canto de la Luna</subfield>
  </datafield>
  <datafield tag="670" ind1=" " ind2=" ">
    <subfield code="a">Author's El canto de la Luna, 2005:</subfield>
    <subfield code="b">p. facing t.p. (Originally titled El cant de la lluna; translated by the author)</subfield>
  </datafield>
</record>